@inproceedings{SalamonUrbanSound,
    Address = {Orlando, FL, USA},
    Author = {Salamon, J. and Jacoby, C. and Bello, J. P.},
    Booktitle = {22nd {ACM} International Conference on Multimedia (ACM-MM'14)},
    Month = {Nov.},
    Pages = {1041--1044},
    Title = {A Dataset and Taxonomy for Urban Sound Research},
    Year = {2014}}

@misc{githubRepo,
    title={Urban sound classification with support vector machines},
    url={https://github.com/magiwanders/CMLS_HW1}
}

@misc{pTdqm,
    title={\code{p\_tdqm}: parallel processing with progress bars},
    url={https://github.com/swansonk14/p_tqdm}
}

@misc{pathos,
    title={\code{pathos}: parallel graph management and execution in heterogeneous computing},
    url={https://github.com/uqfoundation/pathos}
}

@misc{tdqm,
    title={\code{tdqm}: a fast, extensible progress bar for python and CLI},
    url={https://github.com/tqdm/tqdm}
}

@misc{googleColab,
    title={Google Colaboratory},
    url={https://colab.research.google.com}
}

@misc{librosa,
    title={\code{librosa}: audio and music processing in Python},
    url={https://librosa.org/}
}

@misc{pandas,
    title={\code{pandas}: Python Data Analysis Library},
    url={https://pandas.pydata.org/}
}

@misc{sklearn,
    title={\code{sklearn}: Machine Learning in Python},
    url={https://scikit-learn.org}
}

